@book{sutton2018reinforcement,
  title={Reinforcement Learning: An Introduction},
  author={Sutton, Richard S and Barto, Andrew G},
  year={2018},
  publisher={MIT Press}
}

@article{mnih2015human,
  title={Human-level control through deep reinforcement learning},
  author={Mnih, Volodymyr and Kavukcuoglu, Koray and Silver, David and others},
  journal={Nature},
  volume={518},
  number={7540},
  pages={529--533},
  year={2015}
}

@article{luo2020deep,
  title={Deep reinforcement learning for elevator group control},
  author={Luo, Xinyu and Wang, Zhibo and Zhang, Yong},
  journal={IEEE Transactions on Intelligent Transportation Systems},
  volume={21},
  number={8},
  pages={3312--3324},
  year={2020},
  publisher={IEEE}
}

@inproceedings{fan2019application,
  title={Application of reinforcement learning in intelligent building elevator dispatching systems},
  author={Fan, Zhiwei and Li, Qing and Zhang, Yu},
  booktitle={2019 IEEE International Conference on Smart IoT (SmartIoT)},
  pages={221--226},
  year={2019},
  organization={IEEE}
}

@article{mousavi2016deep,
  title={A deep reinforcement learning approach for autonomous traffic signal control},
  author={Mousavi, Seyed Sajad and Schukat, Michael and Howley, Enda},
  journal={Engineering Applications of Artificial Intelligence},
  volume={62},
  pages={256--267},
  year={2017},
  publisher={Elsevier}
}
@inproceedings{siikonen1997planning,
  title={Planning and control models for elevators in high-rise buildings},
  author={Siikonen, Mikko-Leimu},
  booktitle={Elevator World Technical Conference},
  year={1997},
  pages={1--12},
  organization={Elevator World Inc.}
}

@phdthesis{crites1996improving,
  title={Improving elevator performance using reinforcement learning},
  author={Crites, Robert H.},
  school={University of Massachusetts Amherst},
  year={1996}
}
